@book{Knapp,
  author    = {Anthony W. Knapp}, 
  title     = {Lie groups, Lie algebras, and cohomology},
  publisher = {Princeton University Press},
  year      = 1988,
  series    = {Mathematical Notes 34},
  isbn      = {9780691084985}
}
@book{deGraaf,
  author    = {Willem A. de Graaf}, 
  title     = {Lie Algebras Theory and Algorithms},
  publisher = {Elsevier Science},
  year      = 2000,
  series    = {North-Holland Mathematical Library},
  isbn      = {0444501169}
}
@book{Rowen,
  author    = {Louis H. Rowen}, 
  title     = {Ring Theory},
  publisher = {Academic Press},
  year      = 1988,
  series    = {Pure and applied mathematics },
  isbn      = {0125998414}
}